@article{porter80,
    author = {Porter, Martin F.},
    title = "{An algorithm for suffix stripping}",
    journal = "Program",
    volume = "14",
    number = "3",
    pages = "{130-137}",
    year = "1980",
    keywords = "suffix"
}
@online{lemmatization,
   author = {{Stanford University}},
   title = {Stemming and lemmatization},
   url  = {https://nlp.stanford.edu/IR-book/html/htmledition/stemming-and-lemmatization-1.html},
   addendum = {(Accessed: 08.03.2022)},
   year = {2022},
   keywords = {lemma}
}
@online{gensim,
   author = {{GENSIM}},
   title = {GENSIM: topic modelling for humans},
   url  = {https://radimrehurek.com/gensim/},
   addendum = {(Accessed: 08.03.2022)},
   year = {2022},
   keywords = {gensim}
}
@online{documenttermmatrix,
   author = {{Wikipedia}},
   title = {Document-term matrix},
   url  = {https://en.wikipedia.org/wiki/Document-term_matrix},
   addendum = {(Accessed: 08.03.2022)},
   year = {2022},
   keywords = {dtmatrix}
}
@article{tfidf,
    author = {SPARCK JONES, K.},
    title = "{A STATISTICAL INTERPRETATION OF TERM SPECIFICITY AND ITS APPLICATION IN RETRIEVAL}",
    journal = "Journal of Documentation",
    volume = "28",
    number = "1",
    pages = "{11-21}",
    year = "1972",
    DOI = {https://doi.org/10.1108/eb026526},
    keywords = "idf"
}
@article{tf,
  author={Luhn, H. P.},
  journal={IBM Journal of Research and Development}, 
  title={A Statistical Approach to Mechanized Encoding and Searching of Literary Information}, 
  year={1957},
  volume={1},
  number={4},
  pages={309-317},
  doi={10.1147/rd.14.0309}
}
@online{zipfslaw,
   author = {{Wikipedia}},
   title = "{Zipf's law}",
   url  = {https://en.wikipedia.org/wiki/Zipf\%27s_law},
   addendum = {(Accessed: 08.03.2022)},
   year = {2022},
   keywords = {zipf}
}
@online{nltk,
   author = {{NLTK}},
   title = "{NLTK}",
   url  = {https://www.nltk.org/},
   addendum = {(Accessed: 08.04.2022)},
   year = {2022},
   keywords = {nltk}
}
@online{tokenization,
   author = {{Christopher Potts}},
   title = "{Twitter aware tokenizer}",
   url  = {http://sentiment.christopherpotts.net/code-data/happyfuntokenizing.py},
   addendum = {(Accessed: 08.04.2022)},
   year = {2011},
   keywords = {token}
}
@online{uselikelihoods,
   author = {{Justin Morgenstern}},
   title = "{The sensitivity and specificity are lying to you}",
   url  = {https://first10em.com/the-sensitivity-and-specificity-are-lying-to-you/},
   addendum = {(Accessed: 08.04.2022)},
   year = {2021},
   keywords = {token}
}
@online{bestrnn,
   author = {{Pulkit Sharma}},
   title = "{Must-Read Tutorial to Learn Sequence Modeling (deeplearning.ai Course \#5)}",
   url  = {https://www.analyticsvidhya.com/blog/2019/01/sequence-models-deeplearning/},
   addendum = {(Accessed: 08.04.2022)},
   year = {2020},
   keywords = {rnn}
}
@online{rnnlstm,
   author = {{Will Koehrsen}},
   title = "{Recurrent Neural Networks by Example in Python}",
   url  = {https://towardsdatascience.com/recurrent-neural-networks-by-example-in-python-ffd204f99470},
   addendum = {(Accessed: 08.04.2022)},
   year = {2018},
   keywords = {rnn, lstm}
}
@online{topicmodelinglda,
   author = {{Selva Prabhakaran}},
   title = "{Topic Modeling with Gensim (Python)}",
   url  = {https://www.machinelearningplus.com/nlp/topic-modeling-gensim-python/},
   addendum = {(Accessed: 08.04.2022)},
   year = {2018},
   keywords = {lda}
}
@online{topicmodelingcoherence,
   author = {{Shashank Kapadia}},
   title = "{Evaluate Topic Models: Latent Dirichlet Allocation (LDA)}",
   url  = {https://towardsdatascience.com/evaluate-topic-model-in-python-latent-dirichlet-allocation-lda-7d57484bb5d0},
   addendum = {(Accessed: 08.04.2022)},
   year = {2019},
   keywords = {coherence}
}
@online{topicmodelinginteractivedisplay,
   author = {{Devashish Deshpande}},
   title = "{What is Topic Coherence?}",
   url  = {https://rare-technologies.com/what-is-topic-coherence/},
   addendum = {(Accessed: 08.04.2022)},
   year = {2016},
   keywords = {coherence}
}
@online{bert,
   author = {{Ben Lutkevich}},
   title = "{BERT language model}",
   url  = {https://www.techtarget.com/searchenterpriseai/definition/BERT-language-model},
   addendum = {(Accessed: 08.04.2022)},
   year = {2020},
   keywords = {bert}
}
@online{betadistribution,
   author = {{Wikipedia}},
   title = "{Beta Distribution}",
   url  = {https://en.wikipedia.org/wiki/Beta_distribution},
   addendum = {(Accessed: 08.05.2022)},
   year = {2022},
   keywords = {beta}
}
@online{perplexity,
   author = {{Quentin Pleplé}},
   title = "{Perplexity To Evaluate Topic Models}",
   url  = {http://qpleple.com/perplexity-to-evaluate-topic-models/},
   addendum = {(Accessed: 08.07.2022)},
   year = {2013},
   keywords = {perplexity}
}
@online{sentimisc1,
   author = {{Petr Korab}},
   title = "{The Most Favorable Pre-trained Sentiment Classifiers in Python}",
   url  = {https://towardsdatascience.com/the-most-favorable-pre-trained-sentiment-classifiers-in-python-9107c06442c6},
   addendum = {(Accessed: 08.07.2022)},
   year = {2022},
   keywords = {msic}
}
@online{sentimisc2,
   author = {{Abhinandan Roul}},
   title = "{Sentiment Analysis- Lexicon Models vs Machine Learning}",
   url  = {https://medium.com/nerd-for-tech/sentiment-analysis-lexicon-models-vs-machine-learning-b6e3af8fe746},
   addendum = {(Accessed: 08.07.2022)},
   year = {2022},
   keywords = {msic}
}
@online{sentimisc3,
   author = {{Srinivas Chakravarthy}},
   title = "{Tokenization for Natural Language Processing}",
   url  = {https://towardsdatascience.com/tokenization-for-natural-language-processing-a179a891bad4},
   addendum = {(Accessed: 08.07.2022)},
   year = {2020},
   keywords = {msic}
}
@online{sentimisc4,
   author = {{Aditya Beri}},
   title = "{SENTIMENTAL ANALYSIS USING VADER}",
   url  = {https://towardsdatascience.com/sentimental-analysis-using-vader-a3415fef7664},
   addendum = {(Accessed: 08.07.2022)},
   year = {2020},
   keywords = {msic}
}
@online{sentimisc5,
   author = {{Thetechwriters}},
   title = "{Emotion Detection using Bidirectional LSTM and Word2Vec}",
   url  = {https://www.analyticsvidhya.com/blog/2021/10/emotion-detection-using-bidirectional-lstm-and-word2vec/},
   addendum = {(Accessed: 08.07.2022)},
   year = {2021},
   keywords = {misc}
}
@online{nlpimbalanced,
   author = {{Nandhini Nallamuthu}},
   title = "{Handling Imbalanced Data – Machine Learning, Computer Vision and NLP}",
   url  = {https://www.analyticsvidhya.com/blog/2020/11/handling-imbalanced-data-machine-learning-computer-vision-and-nlp/},
   addendum = {(Accessed: 08.07.2022)},
   year = {2020},
   keywords = {misc}
}
@online{nlpbasics,
   author = {{Hansen, Stephen E. K.}},
   title = "{NLP Tutorial - Imperial College, London, U.K.}",
   url  = {https://imperial.cloud.panopto.eu/Panopto/Pages/Viewer.aspx?id=07b371f4-d75f-4247-8a43-ae7e009dbcf2},
   addendum = {(Accessed: 07.01.2022)},
   year = {2022},
   keywords = {video}
}




